% This is annote.bib
% Author: Ayman Ammoura
% A demo for CMPUT 603 Fall 2002.
% The order of the following entries is irrelevant. They will be sorted according to the
% bibliography style used.
%%%%%%%%%%%%%%%%%%%%%%%%%%%%%%%%%%%%%%%%%%%%%%%%%%%%%%%%%%%%%%%%%%%%%%%%%%%%%%%%%%%%%%%%%

% The following is a conference paper

%%%%%%%%%%%%%%%%%%%%%%%%%%%%%%%%%%%%%
% article
%%%%%%%%%%%%%%%%%%%%%%%%%%%%%%%%%%%%%

@ARTICLE{GAT,
  title={Graph Attention Networks},
  author={Petar Velickovic and Guillem Cucurull and A. Casanova and A. Romero and P. Li{\`o} and Yoshua Bengio},
  journal={ArXiv},
  year={2018},
  volume={abs/1710.10903}
}

@ARTICLE{Graph_Stucture_Data,  
    author={P. {Frasconi} and M. {Gori} and A. {Sperduti}},  journal={IEEE Transactions on Neural Networks},   
    title={A general framework for adaptive processing of data structures},   
    year={1998},  
    volume={9},  
    number={5},  
    pages={768-786},  
    doi={10.1109/72.712151}
}

@ARTICLE{GNN,  
    author={F. {Scarselli} and M. {Gori} and A. C. {Tsoi} and M. {Hagenbuchner} and G. {Monfardini}},  
    journal={IEEE Transactions on Neural Networks},   
    title={The Graph Neural Network Model},   
    year={2009},  
    volume={20},  
    number={1},  
    pages={61-80},  
    doi={10.1109/TNN.2008.2005605}
}

%%%%%%%%%%%%%%%%%%%%%%%%%%%%%%%%%%%%%
% inproceeding
%%%%%%%%%%%%%%%%%%%%%%%%%%%%%%%%%%%%%

@INPROCEEDINGS{DC_OPF_NNs,  
    author={D. {Deka} and S. {Misra}},  
    booktitle={2019 IEEE Milan PowerTech},   
    title={Learning for DC-OPF: Classifying active sets using neural nets},   
    year={2019},  
    volume={},  
    number={},  
    pages={1-6},  
    doi={10.1109/PTC.2019.8810819}
}

%%%%%%%%%%%%%%%%%%%%%%%%%%%%%%%%%%%%%
% misc
%%%%%%%%%%%%%%%%%%%%%%%%%%%%%%%%%%%%%

 @misc{power-grid-lib, 
    title={power-grid-lib/pglib-opf}, url={https://github.com/power-grid-lib/pglib-opf}, 
    journal={GitHub}, 
    author={Power-Grid-Lib}
} 

 @misc{gat_eg, 
    title={Graph attention network},    url={https://docs.dgl.ai/en/0.4.x/tutorials/models/1_gnn/9_gat.html}, journal={Graph attention network - DGL 0.4.3post2 documentation}
}  

 @misc{matpower, 
    title={Open-source tools for electric power system simulation and optimization}, 
    url={https://matpower.org/}, 
    journal={MATPOWER}
} 

%%