% This is annote.bib
% Author: Ayman Ammoura
% A demo for CMPUT 603 Fall 2002.
% The order of the following entries is irrelevant. They will be sorted according to the
% bibliography style used.
%%%%%%%%%%%%%%%%%%%%%%%%%%%%%%%%%%%%%%%%%%%%%%%%%%%%%%%%%%%%%%%%%%%%%%%%%%%%%%%%%%%%%%%%%

% The following is a conference paper


@article{Velickovic2018GraphAN,
  title={Graph Attention Networks},
  author={Petar Velickovic and Guillem Cucurull and A. Casanova and A. Romero and P. Li{\`o} and Yoshua Bengio},
  journal={ArXiv},
  year={2018},
  volume={abs/1710.10903}
}

%%